@MISC {latex,
    title = "LaTeX?",
    month = "sep",
    year  = "2015",
    note  = "{Online im Internet: URL: \url{http://latex.tugraz.at/latex/warum} (abgerufen am 3. März 2016)}"
}

@MISC {phpstorm,
    author = "Christoph Rumpel",
    title  = "PhpStorm und das Gefühl etwas zu vermissen ohne es zu kennen",
    month  = "aug",
    year   = "2015",
    note   = "{Online im Internet: URL: \url{https://liechtenecker.at/phpstorm-und-das-gefuehl-etwas-zu-vermissen-ohne-es-zu-kennen/} (abgerufen am 5. März 2016) }"
}

@MISC {sqldeveloper,
    title = "SQL Developer Concepts and Usage",
    note  = "{Online im Internet: URL: \url{http://docs.oracle.com/cd/E39885_01/appdev.40/e38414/intro.htm#CEGBBEDF} (abgerufen am 5. März 2016) }"
}

@MISC {xampp,
    title = "XAMPP",
    note  = "{Online im Internet: URL: \url{https://de.wikipedia.org/wiki/XAMPP} (abgerufen am 5. März 2016) }"
}

@MISC {php,
    title = "Was ist PHP?",
    note  = "{Online im Internet: URL: \url{http://php.net/manual/de/intro-whatis.php} (abgerufen am 5. März 2016) }"
}

@MISC {bootstrap,
    title = "Bootstrap - The world's most popular mobile-first and responive front-end framework.",
    note  = "{Online im Internet: URL: \url{http://getbootstrap.com/} (abgerufen am 10. März 2016) }"
}

@MISC {html5,
    title = "Grundlagen/Technologien/HTML",
    month = "mar",
    year  = "2016",
    note  = "{Online im Internet: URL: \url{https://wiki.selfhtml.org/wiki/Grundlagen/Technologien/HTML#HTML_als_Auszeichnungssprache} (abgerufen am 10. März 2016) }"
}

@MISC {migration,
    title = "Database: Migrations",
    note  = "{Online im Internet: URL: \url{https://laravel.com/docs/5.2/migrations} (abgerufen am 27. Februar 2016) }"
}

@MISC {eloquent,
    title = "Eloquent: Getting Started",
    note  = "{Online im Internet: URL: \url{https://laravel.com/docs/5.2/eloquent} (abgerufen am 27. Februar 2016) }"
}

@MISC {blade,
    title = "Blade Templates",
    note  = "{Online im Internet: URL: \url{https://laravel.com/docs/5.2/blade} (abgerufen am 27. Februar 2016) }"
}

@MISC {artisan,
    title = "Artisan Console",
    note  = "{Online im Internet: URL: \url{https://laravel.com/docs/5.2/artisan} (abgerufen am 16. März 2016) }"
}

@MISC {laravelExcel,
    title = "Laravel Excel Documentation - Maatwebsite",
    month = "mar",
    year  = "2016",
    note  = "{Online im Internet: URL: \url{http://www.maatwebsite.nl/laravel-excel/docs} (abgerufen am 10. März 2016) }"
}

@MISC {css,
    title = "CSS-Grundlagen",
    month = "mar",
    year  = "2016",
    note  = "{Online im Internet: URL: \url{http://www.css-lernen.net/css-grundlagen.html} (abgerufen am 10. März 2016) }"
}

@MISC {javascript,
    title = "JavaScript - Wikipedia",
    month = "mar",
    year  = "2016",
    note  = "{Online im Internet: URL: \url{https://de.wikipedia.org/wiki/JavaScript} (abgerufen am 10. März 2016) }"
}

@MISC {jquery,
    title = "jQuery",
    month = "mar",
    year  = "2016",
    note  = "{Online im Internet: URL: \url{https://jquery.com/} (abgerufen am 10. März 2016) }"
}

@MISC {ajax,
    title = "Ajax Tutorial",
    month = "mar",
    year  = "2016",
    note  = "{Online im Internet: URL: \url{http://ajax.frozenfox.at/} (abgerufen am 16. März 2016) }"
}

@MISC {xml,
    title = "XML :: extensible markup language :: XML-Format",
    month = "mar",
    year  = "2016",
    note  = "{Online im Internet: URL: \url{http://www.itwissen.info/definition/lexikon/extended-markup-language-XML.html} (abgerufen am 15. März 2016) }"
}

@MISC {composer,
    title = "Introduction - Composer",
    note  = "{Online im Internet: URL: \url{https://getcomposer.org/doc/00-intro.md} (abgerufen am 16. März 2016) }"
}

@MISC {modeler,
    title = "SQL Developer Data Modeler",
    note  = "{Online im Internet: URL: \url{http://www.oracle.com/technetwork/developer-tools/datamodeler/overview/index.html} (abgerufen am 16. März 2016) }"
}

@MISC {texmaker,
    title = "Texmaker The universal LaTeX editor",
    note  = "{Online im Internet: URL: \url{http://www.xm1math.net/texmaker/} (abgerufen am 18. März 2016) }"
}

@MISC {oracle,
    title = "What is Oracle Database (Oracle DB) ",
    note  = "{Online im Internet: URL: \url{https://www.techopedia.com/definition/8711/oracle-database} (abgerufen am 18. März 2016) }"
}

@MISC {cronjob,
    title = "Cron>Wiki",
    month = "mar",
    year  = "2016",
    note  = "{Online im Internet: URL: \url{https://wiki.ubuntuusers.de/Cron/} (abgerufen am 23. März 2016) }"
}